This file was created with JabRef 2.2.
Encoding: UTF8

@INBOOK{Archer2006,
  chapter = {The life and death of a home: House history in a sub-surface feature},
  title = {Between Dirt and Discussion: Methods, Methodology and Interpretation
	in Historical Archaeology},
  publisher = {Springer},
  year = {2006},
  editor = {Bartoy, K M and Archer, S},
  author = {Archer, S and Bartoy, K M and Pearson, Charlotte L},
  owner = {peterbrewer},
  timestamp = {2007.08.09}
}

@BOOK{Bisby2007,
  title = {Species 2000 and ITIS Catalogue of Life: 2007 Annual Checklist CD-ROM},
  publisher = {Species 2000},
  year = {2007},
  author = {Bisby, F A and Roskov, Y R and Ruggiero, M A and Orrell, T M and
	Paglinawan, L E and Brewer, Peter W and Bailly, N and van Hertum,
	J},
  address = {Reading},
  owner = {peterbrewer},
  timestamp = {2007.08.09},
  url = {http://www.catalogueoflife.org/annual-checklist/2007/}
}

@ARTICLE{Bronk2006,
  author = {Bronk Ramsey, C and Buck, C E and Manning, Sturt W and Reimer, P
	and van der Plicht, H},
  title = {Developments in radiocarbon calibration for archaeology},
  journal = {Antiquity},
  year = {2006},
  volume = {80},
  pages = {783-798},
  owner = {peterbrewer},
  pdf = {http://www.antiquity.ac.uk/Ant/080/0783/ant0800783.pdf},
  timestamp = {2007.08.10}
}

@ARTICLE{Bronk2004,
  author = {Bronk Ramsey, C and Manning, Sturt W and Galimberti, M},
  title = {Dating the volcanic eruption at Thera},
  journal = {Radiocarbon},
  year = {2004},
  volume = {46},
  pages = {325-344},
  owner = {peterbrewer},
  timestamp = {2007.08.10},
  url = {http://www.ingentaconnect.com/content/arizona/rdc/2004/00000046/00000001/art00038}
}

@INBOOK{Bruins2005,
  chapter = {The Groningen Radiocarbon Series from Tel Rehov},
  title = {The Bible and Radiocarbon Dating Archaeology, Text and Science},
  publisher = {Equinox},
  year = {2005},
  editor = {Levy, T E and Higham, T},
  author = {Bruins, H J and van der Plicht, J and Mazar, A and Bronk Ramsey,
	C and Manning, Sturt W},
  address = {London},
  owner = {peterbrewer},
  timestamp = {2007.08.10}
}

@BOOK{Buckley1999,
  title = {Dendroclimatology along cliff environments of northeastern West Virginia:
	a comparison of ridgetop pines and cliff-line red cedar},
  year = {1999},
  author = {Buckley, B and Fraver, S and Hanson, R and Harley, D and Hochman,
	R and Murphy, A and Wazny, Tomasz},
  owner = {peterbrewer},
  pdf = {http://dendro.cornell.edu/articles/buckley1999.pdf},
  timestamp = {2007.08.09}
}

@INPROCEEDINGS{Cadogan,
  author = {Cadogan, G and Herscher, E and Russell, P and Manning, Sturt W},
  title = {Maroni-Vournes: A long White Slip sequence and its chronology},
  booktitle = {The White Slip Ware of Late Bronze Age Cyprus. Proceedings of an
	International Conference Organized by the Anastasios G. Leventis
	Foundation, Nicosia in Honour of Malcolm Wiener, Nicosia 29th-30th
	October 1998},
  year = {1998},
  editor = {Karageorghis, V},
  pages = {75-88},
  address = {Vienna},
  publisher = {Verlag der Österreichischen Akademie der Wissenschaften},
  owner = {peterbrewer},
  timestamp = {2007.08.10}
}

@ARTICLE{Cook2003,
  author = {Cook, S R and Fulford, M and Clarke, A and Pearson, Charlotte L},
  title = {Soil Geochemical analyses as an indication of metal working at the
	excavation of a house in the Roman City at Silchester (UK)},
  journal = {Journal of Physics IV France},
  year = {2003},
  volume = {107},
  pages = {319-321},
  owner = {peterbrewer},
  timestamp = {2007.08.09},
  url = {http://www.edpsciences.org/articles/jp4/abs/2003/05/jp4pr5p319/jp4pr5p319.html}
}

@ARTICLE{DeVries2003,
  author = {De Vries, K and Kuniholm, Peter Ian and Sams, G K and Voigt, M M},
  title = {New dates for Iron Age Gordion},
  journal = {Antiquity},
  year = {2003},
  volume = {77},
  owner = {peterbrewer},
  timestamp = {2007.08.09},
  url = {http://antiquity.ac.uk/ProjGall/devries/devries.html}
}

@ARTICLE{Eckstein1986,
  author = {Eckstein, D and Wazny, Tomasz and Bauch, J and Klein, P},
  title = {New evidence for the dendrochronological dating of Netherlandish
	paintings},
  journal = {Nature},
  year = {1986},
  volume = {320},
  pages = {465-466},
  owner = {peterbrewer},
  timestamp = {2007.08.09},
  url = {http://www.nature.com/nature/journal/v320/n6061/abs/320465a0.html}
}

@ARTICLE{Galimberti2004,
  author = {Galimberti, M and Bronk Ramsey, C and Manning, Sturt W},
  title = {Wiggle-match dating of tree ring sequences},
  journal = {Radiocarbon},
  year = {2004},
  volume = {46},
  pages = {917-924},
  owner = {peterbrewer},
  timestamp = {2007.08.10},
  url = {http://www.ingentaconnect.com/content/arizona/rdc/2004/00000046/00000002/art00042}
}

@ARTICLE{Griggs2007,
  author = {Griggs, Carol B and DeGaetano, A T and Kuniholm, Peter Ian and Newton,
	Maryanne W},
  title = {A regional reconstruction of May-June precipitation in the north
	Aegean from oak tree-rings, AD 1089-1989},
  journal = {International Journal of Climatology},
  year = {2007},
  volume = {27},
  pages = {1075-1089},
  number = {8},
  owner = {peterbrewer},
  timestamp = {2007.08.09}
}

@INBOOK{Griggs2002,
  chapter = {Lavagnone di Brescia in the Early Bronze Age: Dendrochronological
	Report},
  pages = {19-34},
  title = {Studi sul’Abitato dell’Eta del Bronzo del Lavagnone Desenzano del
	Garda},
  year = {2002},
  editor = {de Marinis, R C},
  author = {Griggs, Carol B and Kuniholm, Peter Ian and Newton, Maryanne W},
  owner = {peterbrewer},
  timestamp = {2007.08.09}
}

@ARTICLE{Haneca2005,
  author = {Haneca, K and Wazny, Tomasz and van Acker, J and Beeckman, H},
  title = {Provenancing Baltic timber from art historical objects: success and
	limitations},
  journal = {Journal of Archaeological Science},
  year = {2005},
  volume = {32},
  pages = {261-271},
  number = {2},
  owner = {peterbrewer},
  timestamp = {2007.08.09},
  url = {http://linkinghub.elsevier.com/retrieve/pii/S030544030400144X}
}

@ARTICLE{Housley1999,
  author = {Housley, R A and Manning, Sturt W and Cadogan, G and Jones, R E and
	Hedges, R E M},
  title = {Radiocarbon, calibration, and the chronology of the Late Minoan IB
	phase},
  journal = {Journal of Archaeological Science},
  year = {1999},
  volume = {26},
  pages = {159-171},
  owner = {peterbrewer},
  timestamp = {2007.08.10}
}

@ARTICLE{Hughen2004,
  author = {Hughen, Konrad A and Baillie, Mike G L and Bard, Edouard and Beck,
	J Warren and Bertrand, Chanda J H and Blackwell, Paul G and Buck,
	Caitlin E and Burr, George S and Cutler, Kirsten B and Damon, Paul
	E and Edwards, Richard L and Fairbanks, Richard G and Friedrich,
	Michael and Guilderson, Thomas P and Kromer, Bernd and McCormac,
	Gerry and Manning, Sturt W and Ramsey, Christopher Bronk and Reimer,
	Paula J and Reimer, Ron W and Remmele, Sabine and Southon, John R
	and Stuiver, Minze and Talamo, Sahra and Taylor, F W and van der
	Plicht, Johannes and Weyhenmeyer, Constanze E},
  title = {Marine04 marine radiocarbon age calibration},
  journal = {Radiocardon},
  year = {2004},
  volume = {46},
  pages = {1059-1086},
  owner = {peterbrewer},
  timestamp = {2007.08.10},
  url = {http://www.ingentaconnect.com/content/arizona/rdc/2004/00000046/00000003/art00004}
}

@ARTICLE{Hughes2001,
  author = {Hughes, M K and Kuniholm, Peter Ian and Eischeid, J and Garfin-Woll,
	G and Griggs, Carol B and Latini, C},
  title = {Aegean tree-ring signature years explained},
  journal = {Tree-Ring Research},
  year = {2001},
  volume = {57},
  pages = {67-73},
  number = {1},
  owner = {peterbrewer},
  pdf = {http://dendro.cornell.edu/articles/hughes2001.pdf},
  timestamp = {2007.08.09},
  url = {http://apt.allenpress.com/aptonline/?request=get-abstract&issn=1536-1098&volume=057&issue=01&page=0067}
}

@INBOOK{Indruszewski,
  chapter = {The ships that connected people and the people that commuted by ships:
	The western Baltic case-study},
  pages = {177-186},
  title = {Connected by the Sea. Proceedings of the Tenth International Symposium
	on Boat and Ship Archaeology, Roskilde 2003},
  publisher = {Oxbow Books},
  year = {2006},
  editor = {Blue, L and Hocker, F and Englert, A},
  author = {Indruszewski, G and Nilsson, M and Wazny, Tomasz},
  address = {Oxford},
  owner = {peterbrewer},
  timestamp = {2007.08.09}
}

@ARTICLE{Jones2004,
  author = {Jones, A C and White, R J and Gray, W A and Bisby, F A and Caithness,
	N and Pittas, N and Xu, X and Sutton, T and Fiddian, N J and Culham,
	A and Scoble, M and Williams, P and Bromley, O and Brewer, Peter
	W and Yesson, C and Bhagwat S},
  title = {Building a Biodiversity GRID},
  journal = {Lecture Notes in Computer Science},
  year = {2005},
  pages = {140-151},
  owner = {peterbrewer},
  timestamp = {2007.08.09},
  url = {http://www.springerlink.com/content/3uf601g9m3fd4vuy/}
}

@ARTICLE{Klein1991,
  author = {Klein, P and Wazny, Tomasz},
  title = {Dendrochronological analyses of paintings of Gdansk painters of the
	15th to the 17th century},
  journal = {Dendrochronologia},
  year = {1991},
  volume = {9},
  pages = {181-191},
  owner = {peterbrewer},
  timestamp = {2007.08.09}
}

@ARTICLE{Kromer1996,
  author = {Kromer, B and Ambers, J and Baillie, M G L and Damon P E and Hesshaimer,
	V and Hofmann, J and Jöris, O and Levin, I and Manning, Sturt W and
	McCormac, F G and Plicht, J and van der Spurk, M and Stuiver, M and
	Weninger, B},
  title = {Summary of the workshop “Aspects of high-precision radiocarbon calibration”},
  journal = {Radiocarbon},
  year = {1996},
  volume = {38},
  pages = {607-610},
  owner = {peterbrewer},
  timestamp = {2007.08.10}
}

@ARTICLE{Kromer2001,
  author = {Kromer, B and Manning, Sturt W and Kuniholm, Peter Ian and Newton,
	Maryanne W and Spurk, M and Levin, I},
  title = {Regional [sup]14[/sup]CO[sub]2[/sub] offsets in the troposphere:
	magnitude, mechanisms, and consequences},
  journal = {Science},
  year = {2001},
  volume = {294},
  pages = {2529-2532},
  owner = {peterbrewer},
  pdf = {http://www.sciencemag.org/cgi/reprint/294/5551/2529.pdf},
  timestamp = {2007.08.10}
}

@INBOOK{Kuniholm2000a,
  chapter = {Dendrochronologically Dated Ottoman Monuments},
  pages = {93-136},
  title = {A Historical Archaeology of the Ottoman Empire: Breaking New Ground},
  publisher = {Plenum Press},
  year = {2000},
  editor = {Baram, U and Carroll, L},
  author = {Kuniholm, Peter Ian},
  address = {New York},
  owner = {peterbrewer},
  pdf = {http://dendro.cornell.edu/articles/kuniholm2000a.pdf},
  timestamp = {2007.08.10}
}

@INBOOK{Kuniholm1982,
  chapter = {The Fishing Gear},
  pages = {291-310},
  title = {Yassı Ada I: A Seventh-Century Byzantine Shipwreck},
  publisher = {Texas A \& M University Press},
  year = {1982},
  editor = {Bass, G F},
  author = {Kuniholm, Peter Ian},
  owner = {peterbrewer},
  timestamp = {2007.08.10}
}

@INBOOK{Kuniholm1982a,
  chapter = {Dendrochronological Analysis of the Keel},
  pages = {Appendix D},
  title = {Yassı Ada I: A Seventh-Century Byzantine Shipwreck},
  publisher = {Texas A \& M University Press},
  year = {1982},
  editor = {Bass, G F},
  author = {Kuniholm, Peter Ian},
  owner = {peterbrewer},
  timestamp = {2007.08.10}
}

@INBOOK{Kuniholm2001a,
  chapter = {Dendrochronology and Other Applications of Tree-ring Studies in Archaeology},
  title = {The Handbook of Archaeological Sciences},
  publisher = {John Wiley \& Sons},
  year = {2001},
  editor = {Brothwell, D R and Pollard, A M},
  author = {Kuniholm, Peter Ian},
  owner = {peterbrewer},
  pdf = {http://dendro.cornell.edu/articles/kuniholm2001a.pdf},
  timestamp = {2007.08.10}
}

@INPROCEEDINGS{Kuniholm1996b,
  author = {Kuniholm, Peter Ian},
  title = {Long Tree-Ring Chronologies for the Eastern Mediterranean},
  booktitle = {Archaeometry '94: The Proceedings of the 29th International Symposium
	on Archaeometry},
  year = {1996},
  editor = {Demirci, Ş. and Özer, A M and Summers, G D},
  pages = {401-409},
  owner = {peterbrewer},
  timestamp = {2007.08.10}
}

@INPROCEEDINGS{Kuniholm1996c,
  author = {Kuniholm, Peter Ian},
  title = {Long tree-ring chronologies for the Eastern Mediterranean},
  booktitle = {Archaeometry '94: The Proceedings of the 29th International Symposium
	on Archaeometry},
  year = {1996},
  editor = {Demirci, Ş and Özer, A M and Summers, G D},
  pages = {401-409},
  address = {Ankara},
  owner = {peterbrewer},
  pdf = {http://dendro.cornell.edu/articles/kuniholm1996c.pdf},
  timestamp = {2007.08.29}
}

@INBOOK{Kuniholm1990b,
  chapter = {Overview and Assessment of the Evidence for the Date of the Eruption
	of Thera},
  pages = {13-18},
  title = {Thera and the Aegean World III},
  publisher = {The Thera Foundation},
  year = {1990},
  editor = {Hardy, D A and Renfrew, A C},
  author = {Kuniholm, Peter Ian},
  owner = {peterbrewer},
  pdf = {http://dendro.cornell.edu/articles/kuniholm1990a.pdf},
  timestamp = {2007.08.10}
}

@INBOOK{Kuniholm2002,
  chapter = {Dendrochronological Investigations at Herculaneum and Pompeii},
  pages = {235-239},
  title = {The Natural History of Pompeii},
  publisher = {Cambridge University Press},
  year = {2002},
  editor = {Jashemski, W F and Meyer, F G},
  author = {Kuniholm, Peter Ian},
  owner = {peterbrewer},
  pdf = {http://dendro.cornell.edu/articles/kuniholm2002},
  timestamp = {2007.08.10}
}

@INBOOK{Kuniholm1987a,
  chapter = {Demircihüyük - Dendrochronological Analysis},
  pages = {1-4},
  title = {Demircihüyük II},
  publisher = {von Zabern},
  year = {1987},
  editor = {Korfmann, M},
  author = {Kuniholm, Peter Ian},
  owner = {peterbrewer},
  timestamp = {2007.08.10}
}

@INBOOK{Kuniholm1997a,
  chapter = {Wood},
  pages = {37-38},
  title = {The Oxford Encyclopedia of Archaeology in the Near East},
  publisher = {Oxford University Press},
  year = {1997},
  editor = {Myers, E M},
  author = {Kuniholm, Peter Ian},
  owner = {peterbrewer},
  pdf = {http://dendro.cornell.edu/articles/kuniholm1997a.pdf},
  timestamp = {2007.08.10}
}

@INBOOK{Kuniholm1997b,
  chapter = {Climatology},
  pages = {37-38},
  title = {The Oxford Encyclopedia of Archaeology in the Near East},
  publisher = {Oxford University Press},
  year = {1997},
  editor = {Myers, E M},
  author = {Kuniholm, Peter Ian},
  owner = {peterbrewer},
  pdf = {http://dendro.cornell.edu/articles/kuniholm1997b.pdf},
  timestamp = {2007.08.10}
}

@INBOOK{Kuniholm1990d,
  chapter = {The archaeological record: evidence and non-evidence for climatic
	change},
  pages = {645-655},
  title = {The Earth's Climate and Variability of the Sun Over Recent Millennia},
  publisher = {Philosophical Transactions of the Royal Society of London A},
  year = {1990},
  editor = {Runcorn, S K and Pecker, J-C},
  author = {Kuniholm, Peter Ian},
  owner = {peterbrewer},
  pdf = {http://dendro.cornell.edu/articles/kuniholm1990d.pdf},
  timestamp = {2007.08.29}
}

@INBOOK{Kuniholm2000,
  chapter = {Dendrochronology (Tree-Ring Dating) of Panel Paintings},
  pages = {206-215},
  title = {The Science of Paintings},
  publisher = {Springer Verlag},
  year = {2000},
  editor = {Taft, Stanley W and Mayer, James W},
  author = {Kuniholm, Peter Ian},
  owner = {peterbrewer},
  pdf = {http://dendro.cornell.edu/articles/kuniholm2000.pdf},
  timestamp = {2007.08.10}
}

@ARTICLE{Kuniholm2001,
  author = {Kuniholm, Peter Ian},
  title = {Archaeological Dendrochronology},
  journal = {Dendrochronologia},
  year = {2001},
  volume = {20},
  pages = {63-68},
  owner = {peterbrewer},
  pdf = {http://dendro.cornell.edu/articles/kuniholm2001.pdf},
  timestamp = {2007.08.10}
}

@ARTICLE{Kuniholm1996a,
  author = {Kuniholm, Peter Ian},
  title = {The Prehistoric Aegean: Dendrochronological Progress as of 1995},
  journal = {Acta Archaeologica},
  year = {1996},
  volume = {67},
  pages = {327-335},
  owner = {peterbrewer},
  pdf = {http://dendro.cornell.edu/articles/kuniholm1996a.pdf},
  timestamp = {2007.08.10}
}

@ARTICLE{Kuniholm1995,
  author = {Kuniholm, Peter Ian},
  title = {Dendrochronology},
  journal = {American Journal of Archaeology},
  year = {1995},
  volume = {99},
  pages = {79-142},
  owner = {peterbrewer},
  pdf = {http://dendro.cornell.edu/articles/kuniholm1995.pdf},
  timestamp = {2007.08.10}
}

@ARTICLE{Kuniholm1994,
  author = {Kuniholm, Peter Ian},
  title = {Ağac Halkalarından Eskiyi Okumak... Dendrokronoloji},
  journal = {Bilim ve Teknik},
  year = {1994},
  pages = {26-31},
  owner = {peterbrewer},
  pdf = {http://dendro.cornell.edu/articles/kuniholm1994.pdf},
  timestamp = {2007.08.29}
}

@INBOOK{Kuniholm1993a,
  chapter = {A Date-list for Bronze Age and Iron Age monuments based on combined
	dendrochronological and radiocarbon evidence},
  pages = {371-373},
  title = {Aspects of Art and Iconography: Anatolia and its Neighbors. Studies
	in honor of Nimet Özgüç},
  publisher = {Türk Tarih Kurumu Basimevi},
  year = {1993},
  author = {Kuniholm, Peter Ian},
  owner = {peterbrewer},
  pdf = {http://dendro.cornell.edu/articles/kuniholm1993a.pdf},
  timestamp = {2007.08.29}
}

@ARTICLE{Kuniholm1985,
  author = {Kuniholm, Peter Ian},
  title = {Dendrochronological Analysis of the Elaia Tumulus Kline},
  journal = {Istanbuler Mitteilungen},
  year = {1985},
  volume = {35},
  pages = {168-182},
  owner = {peterbrewer},
  timestamp = {2007.08.10}
}

@ARTICLE{Kuniholm1982b,
  author = {Kuniholm, Peter Ian},
  title = {Δενδροχρονολογηση: Μια Τεχνικη Χρησιμη Στη Μελετη Του Οικολ (Dendrochronology:
	a useful technique for studying the ecology of the past)},
  journal = {Dasika Chronika},
  year = {1982},
  volume = {25},
  pages = {85-94},
  owner = {peterbrewer},
  pdf = {http://dendro.cornell.edu/articles/kuniholm1982b.pdf},
  timestamp = {2007.08.29}
}

@ARTICLE{Kuniholm1996,
  author = {Kuniholm, Peter Ian and Kromer, B and Manning, Sturt W and Newton,
	Maryanne W and Latini, C E and Bruce, M J},
  title = {Anatolian tree rings and the absolute chronology of the eastern Mediterranean,
	2220-718 BC},
  journal = {Nature},
  year = {1996},
  volume = {381},
  pages = {780-783},
  owner = {peterbrewer},
  pdf = {http://dendro.cornell.edu/articles/kuniholm1996.pdf},
  timestamp = {2007.08.10}
}

@INBOOK{Kuniholm1998,
  chapter = {An Early Bronze Age Settlement at Sozopol, near Burgas, Bulgaria},
  pages = {399-409},
  title = {James Harvey Gaul: In Memoriam},
  publisher = {The James Harvey Gaul Foundation},
  year = {1998},
  editor = {Stefanovich, M and Todorova, H and Hauptmann, H},
  author = {Kuniholm, Peter Ian and Kromer, B and Tarter, S L and Griggs, Carol
	B},
  address = {Sofia},
  owner = {peterbrewer},
  pdf = {http://dendro.cornell.edu/articles/kuniholm1998.pdf},
  timestamp = {2007.08.09}
}

@INBOOK{Kuniholm1997,
  chapter = {Çatal Höyük: A Preliminary Report},
  pages = {345-347},
  title = {On the surface: Çatalhöyük 1993-1995},
  publisher = {BIAA},
  year = {1997},
  editor = {Hodder, Ian},
  author = {Kuniholm, Peter Ian and Newton, Maryanne W},
  owner = {peterbrewer},
  timestamp = {2007.08.10}
}

@INBOOK{Kuniholm1990c,
  chapter = {A 677 Year Long Tree-Ring Chronology for the Middle Bronze Age},
  pages = {279-293},
  title = {Anatolia and the Ancient Near East: Studies in Honor of Tahsin Özgüç},
  publisher = {Türk Tarih Kurumu Basimevi},
  year = {1990},
  author = {Kuniholm, Peter Ian and Newton, Maryanne W},
  address = {Ankara},
  owner = {peterbrewer},
  pdf = {http://dendro.cornell.edu/articles/kuniholm1990c.pdf},
  timestamp = {2007.08.29}
}

@BOOK{Kuniholm2005,
  title = {Dendrochronological Dating in Anatolia: the Second Millennium B.C.:
	Significance for Early Metallurgy},
  publisher = {Deutsches Bergbau-Museum},
  year = {2005},
  author = {Kuniholm, Peter Ian and Newton, Maryanne W and Griggs, Carol B and
	Sullivan, P J},
  volume = {18},
  series = {Anatolia III, Der Anschnitt, Beiheft},
  owner = {peterbrewer},
  pdf = {http://dendro.cornell.edu/articles/kuniholm2005.pdf},
  timestamp = {2007.08.10}
}

@ARTICLE{Kuniholm1990a,
  author = {Kuniholm, Peter Ian and Striker, C L},
  title = {Dendrochronology and the Architectural History of the Church of the
	Holy Apostles in Thessaloniki},
  journal = {Architectura: Zeitschrift für Geschichte der Architektur},
  year = {1990},
  pages = {1-26},
  owner = {peterbrewer},
  pdf = {http://dendro.cornell.edu/articles/kuniholm1990a.pdf},
  timestamp = {2007.08.10}
}

@ARTICLE{Kuniholm1987,
  author = {Kuniholm, Peter Ian and Striker, C L},
  title = {Dendrochronological Investigations in the Aegean and Neighboring
	Regions, 1983-1986},
  journal = {Journal of Field Archaeology},
  year = {1987},
  volume = {14},
  pages = {385-398},
  number = {4},
  owner = {peterbrewer},
  pdf = {http://dendro.cornell.edu/articles/kuniholm1987.pdf},
  timestamp = {2007.08.10}
}

@INBOOK{Kuniholm1993,
  chapter = {Dendrochronological Report},
  pages = {179-189},
  title = {Tille Höyük 4},
  publisher = {Oxbow},
  year = {1993},
  editor = {Summers, G},
  author = {Kuniholm, Peter Ian and Tarter, Shana L and Griggs, Carol B},
  owner = {peterbrewer},
  pdf = {http://dendro.cornell.edu/articles/kuniholm1993.pdf},
  timestamp = {2007.08.10}
}

@ARTICLE{Kuniholm1992,
  author = {Kuniholm, Peter Ian and Tarter, S L and Newton, Maryanne W and Griggs,
	Carol B},
  title = {Dendrochronological Investigations at Porsuk/Ulukışla, Turkey 1987-1989},
  journal = {Syria},
  year = {1992},
  volume = {69},
  pages = {379-389},
  owner = {peterbrewer},
  pdf = {http://dendro.cornell.edu/articles/kuniholm1992.pdf},
  timestamp = {2007.08.10}
}

@INBOOK{Manning1998d,
  chapter = {Aegean and Sardinian chronology: radiocarbon, calibration, and Thera},
  pages = {297-307},
  title = {Sardinian and Aegean chronology: towards the resolution of relative
	and absolute dating in the Mediterranean},
  publisher = {Oxbow Books},
  year = {1998},
  editor = {Balmuth, M S and Tykot, R H},
  author = {Manning, Sturt W},
  address = {Oxford},
  owner = {peterbrewer},
  timestamp = {2007.08.10}
}

@INBOOK{Manning1999a,
  chapter = {Knossos and the limits of settlement growth},
  pages = {469-480},
  title = {Meletemata: studies in Aegean archaeology presented to Malcolm H.
	Wiener as he enters his 65th year},
  publisher = {Liège and Austin: Histoire de l’art et archéologie de la Grèce antique,
	Université de Liège and Program in Aegean Scripts and Prehistory,
	University of Texas at Austin.},
  year = {1999},
  editor = {Betancourt, P P and Karageorghis, V and Laffineur, R and Niemeier,
	W-D},
  author = {Manning, Sturt W},
  owner = {peterbrewer},
  timestamp = {2007.08.10}
}

@INPROCEEDINGS{Manning2007a,
  author = {Manning, Sturt W},
  title = {Clarifying the “high” v. “low” Aegean/Cypriot chronology for the
	mid second millennium BC: assessing the evidence, interpretive frameworks,
	and current state of the debate},
  booktitle = {The Synchronisation of Civilisations in the Eastern Mediterranean
	in the Second Millennium B.C. III. Proceedings of the SCIEM 2000
	- 2nd EuroConference, Vienna 28th of May - 1st of June 2003},
  year = {2007},
  editor = {Bietak, M and Czerny, E},
  pages = {101-137},
  address = {Wien},
  organization = {Österreichischen Akademie der Wissenschaften.},
  owner = {peterbrewer},
  pdf = {http://dendro.cornell.edu/articles/manning2007a.pdf},
  timestamp = {2007.08.28}
}

@INPROCEEDINGS{Manning1998c,
  author = {Manning, Sturt W},
  title = {From process to people: longue durée to history},
  booktitle = {The Aegean and the Orient in the second millennium: Proceedings of
	the 50th Anniversary Symposium Cincinnati, 18-20 April 1997},
  year = {1998},
  editor = {Cline, E H and Harris-Cline, D},
  pages = {311-325},
  address = {Liège and Austin},
  publisher = {Université de Liège and University of Texas at Austin},
  owner = {peterbrewer},
  timestamp = {2007.08.10}
}

@INBOOK{Manning2005,
  chapter = {Simulation and the Thera eruption: outlining what we do and do not
	know from Radiocarbon},
  pages = {97-114},
  title = {Autochthon: Papers presented to O.T.P.K. Dickinson on the occasion
	of his retirement},
  publisher = {BAR Interional Series 1432. Archaeopress},
  year = {2005},
  editor = {Dakouri-Hild, A and Sherratt, S},
  author = {Manning, Sturt W},
  owner = {peterbrewer},
  timestamp = {2007.08.10}
}

@INBOOK{Manning1997,
  chapter = {Cultural change in the Aegean c.2200BC},
  pages = {149-171},
  title = {Third millennium BC climate change and old world collapse},
  publisher = {Springer},
  year = {1997},
  editor = {Dalfes, H N and Kukla, G and Weiss, H},
  author = {Manning, Sturt W},
  volume = {49},
  series = {NATO ASI Series I},
  address = {Berlin},
  owner = {peterbrewer},
  timestamp = {2007.08.10}
}

@INBOOK{Manning1992b,
  chapter = {Archaeology and the world of Homer: introduction to a past and present
	discipline},
  pages = {117-142},
  title = {Homer: readings and images},
  publisher = {Duckworth},
  year = {1992},
  editor = {Emlyn-Jones, C and Hardwick, L and Purkis, J},
  author = {Manning, Sturt W},
  address = {London},
  owner = {peterbrewer},
  timestamp = {2007.08.10}
}

@INBOOK{Manning1990,
  chapter = {The eruption of Thera: date and implications},
  pages = {29-40},
  title = {Thera and the Aegean World III},
  publisher = {The Thera Foundation},
  year = {1990},
  editor = {Hardy, D A and Renfrew, A C},
  author = {Manning, Sturt W},
  address = {London},
  owner = {peterbrewer},
  timestamp = {2007.08.10}
}

@INBOOK{Manning2006a,
  chapter = {Radiocarbon dating and Egyptian chronology},
  pages = {327-355},
  title = {Ancient Egyptian Chronology},
  publisher = {Brill},
  year = {2006},
  editor = {Hornung, E and Krauss, R and Warburton, D A},
  author = {Manning, Sturt W},
  address = {Leiden},
  owner = {peterbrewer},
  pdf = {http://dendro.cornell.edu/articles/manning2006a.pdf},
  timestamp = {2007.08.10}
}

@INBOOK{Manning1997a,
  chapter = {Troy, radiocarbon, and the chronology of the northeast Aegean in
	the Early Bronze Age},
  pages = {498-520},
  title = {Ηε Πολιοχηνι και ηε προιμι εποχηε του Χηαλκου στο ςορειο Αιγαιο/Poliochni
	e l’antica età del bronzo nell’Egeo settentrional},
  publisher = {Scuola archeologica italiana di Atene and Panepistimio Athenon},
  year = {1997},
  editor = {La Rosa, V and Doumas, C},
  author = {Manning, Sturt W},
  owner = {peterbrewer},
  timestamp = {2007.08.10}
}

@INBOOK{Manning1994,
  chapter = {The emergence of divergence: development and decline on Bronze Age
	Crete and the Cyclades},
  pages = {221-270},
  title = {Development and Decline in the Mediterranean Bronze Age},
  publisher = {J.R. Collis Publications},
  year = {1994},
  editor = {Matheres, C and Stoddart, S},
  author = {Manning, Sturt W},
  volume = {8},
  series = {Sheffield Archaeological Monographs},
  address = {Sheffield},
  owner = {peterbrewer},
  timestamp = {2007.08.10}
}

@INBOOK{Manning1996,
  chapter = {Dating the Aegean Bronze Age: without, with, and beyond, radiocarbon},
  pages = {15-37},
  title = {Absolute chronology: archaeological Europe 2500-500 BC},
  publisher = {Munksgaard},
  year = {1996},
  editor = {Randsborg, K},
  author = {Manning, Sturt W},
  series = {Acta Archaeologica 67 – Acta Archaeologica Supplementa 1},
  address = {København},
  owner = {peterbrewer},
  timestamp = {2007.08.10}
}

@INBOOK{Manning2001b,
  chapter = {The chronology and foreign connections of the Late Cypriot I period:
	times they are a-changin},
  pages = {69-94},
  title = {The chronology of Base-Ring ware and Bichrome wheel-made ware},
  publisher = {The Royal Academy of Letters, History and Antiquities},
  year = {2001},
  editor = {Åström, P},
  author = {Manning, Sturt W},
  address = {Stockholm},
  owner = {peterbrewer},
  timestamp = {2007.08.10}
}

@BOOK{Manning1999,
  title = {A Test of Time: the volcano of Thera and the chronology and history
	of the Aegean and east Mediterranean in the mid-second millennium
	BC},
  publisher = {Oxbow Books},
  year = {1999},
  author = {Manning, Sturt W},
  address = {Oxford},
  owner = {peterbrewer},
  pdf = {http://www.arts.cornell.edu/classics/Faculty/SManning_files/testoftime.pdf},
  timestamp = {2007.08.10}
}

@ARTICLE{Manning1998,
  author = {Manning, Sturt W},
  title = {Changing pasts and socio-political cognition in Late Bronze Age Cyprus},
  journal = {World Archaeology},
  year = {1998},
  volume = {30},
  pages = {39-58},
  owner = {peterbrewer},
  timestamp = {2007.08.10},
  url = {http://links.jstor.org/sici?sici=0043-8243(199806)30%3A1%3C39%3ACPASCI%3E2.0.CO%3B2-V}
}

@BOOK{Manning1998b,
  title = {Tsaroukkas, Mycenaeans and Trade Project: preliminary report on the
	1996-1997 seasons},
  publisher = {Report of the Department of Antiquities, Cyprus},
  year = {1998},
  author = {Manning, Sturt W},
  pages = {39-54},
  owner = {peterbrewer},
  timestamp = {2007.08.10}
}

@BOOK{Manning1995,
  title = {The Absolute Chronology of the Aegean Early Bronze Age: archaeology,
	history and radiocarbon},
  publisher = {Sheffield Academic Press},
  year = {1995},
  author = {Manning, Sturt W},
  series = {Monographs in Mediterranean Archaeology 1},
  address = {Sheffield},
  owner = {peterbrewer},
  timestamp = {2007.08.10}
}

@ARTICLE{Manning1993,
  author = {Manning, Sturt W},
  title = {Prestige, distinction and competition: the anatomy of socio-economic
	complexity in fourth to second millennium B.C.E. Cyprus},
  journal = {Bulletin of the American Schools of Oriental Research},
  year = {1993},
  volume = {292},
  pages = {35-58},
  owner = {peterbrewer},
  timestamp = {2007.08.10}
}

@ARTICLE{Manning1992,
  author = {Manning, Sturt W},
  title = {Thera, sulphur, and climatic anomalies},
  journal = {Oxford Journal of Archaeology},
  year = {1992},
  volume = {11},
  pages = {245-253},
  owner = {peterbrewer},
  timestamp = {2007.08.10}
}

@ARTICLE{Manning1991,
  author = {Manning, Sturt W},
  title = {Response to J.D. Muhly on problems of chronology in the Aegean Late
	Bronze Age},
  journal = {Journal of Mediterranean Archaeology},
  year = {1991},
  volume = {4},
  pages = {249-262},
  owner = {peterbrewer},
  timestamp = {2007.08.10}
}

@ARTICLE{Manning1991a,
  author = {Manning, Sturt W},
  title = {Approximate calendar date for the first human settlement of Cyprus?},
  journal = {Antiquity},
  year = {1991},
  volume = {65},
  pages = {870-878},
  owner = {peterbrewer},
  timestamp = {2007.08.10}
}

@ARTICLE{Manning1990a,
  author = {Manning, Sturt W},
  title = {The Thera eruption: the Third Congress and the problem of the date},
  journal = {Archaeometry},
  year = {1990},
  volume = {32},
  pages = {91-100},
  owner = {peterbrewer},
  timestamp = {2007.08.10}
}

@ARTICLE{Manning1990b,
  author = {Manning, Sturt W},
  title = {Frames of reference for the past: some thoughts on Bernal, truth
	and reality},
  journal = {Journal of Mediterranean Archaeology},
  year = {1990},
  volume = {3},
  pages = {255-274},
  owner = {peterbrewer},
  timestamp = {2007.08.10}
}

@ARTICLE{Manning1989,
  author = {Manning, Sturt W},
  title = {The Santorini eruption: an up-date},
  journal = {Journal of Mediterranean Archaeology},
  year = {1989},
  volume = {2},
  pages = {303-313},
  owner = {peterbrewer},
  timestamp = {2007.08.10}
}

@ARTICLE{Manning1989a,
  author = {Manning, Sturt W},
  title = {A new age for Minoan Crete},
  journal = {New Scientist},
  year = {1989},
  volume = {11 Feb},
  pages = {60-63},
  owner = {peterbrewer},
  timestamp = {2007.08.10}
}

@ARTICLE{Manning1988,
  author = {Manning, Sturt W},
  title = {Dating of the Santorini eruption},
  journal = {Nature},
  year = {1988},
  volume = {332},
  pages = {401},
  owner = {peterbrewer},
  pdf = {http://www.nature.com/nature/journal/v332/n6163/pdf/332401a0.pdf},
  timestamp = {2007.08.10}
}

@ARTICLE{Manning1988a,
  author = {Manning, Sturt W},
  title = {The Bronze Age eruption of Thera: absolute dating, Aegean chronology
	and Mediterranean cultural interrelations},
  journal = {Journal of Mediterranean Archaeology},
  year = {1988},
  volume = {1},
  pages = {17-82},
  owner = {peterbrewer},
  timestamp = {2007.08.10}
}

@ARTICLE{Manning1987,
  author = {Manning, Sturt W},
  title = {The volcano of Thera and the destruction of Minoan Crete},
  journal = {Kretika Chronika},
  year = {1987},
  volume = {KZ'},
  pages = {59-95},
  owner = {peterbrewer},
  timestamp = {2007.08.10}
}

@ARTICLE{Manning1986,
  author = {Manning, Sturt W},
  title = {The military function in Late Minoan Crete: a note},
  journal = {World Archaeology},
  year = {1986},
  volume = {18},
  pages = {284-288},
  owner = {peterbrewer},
  timestamp = {2007.08.10},
  url = {http://links.jstor.org/sici?sici=0043-8243(198610)18%3A2%3C284%3ATMFILM%3E2.0.CO%3B2-X}
}

@BOOK{Manning2002a,
  title = {The Late Roman Church at Maroni Petrera: Survey and salvage excavations
	1990-1997, and other traces of Roman remains in the lower Maroni
	Valley, Cyprus},
  publisher = {The A.G. Leventis Foundation},
  year = {2002},
  author = {Manning, Sturt W and et al},
  address = {Nicosia},
  owner = {peterbrewer},
  timestamp = {2007.08.10}
}

@ARTICLE{Manning2002c,
  author = {Manning, Sturt W and Barbetti, M and Kromer, B and Kuniholm, Peter
	Ian and Levin, I and Newton, Maryanne W and Reimer, P J},
  title = {No systematic early bias to Mediterranean [sup]14[/sup]C ages: radiocarbon
	measurements from tree-ring and air samples provide tight limits
	to age offsets},
  journal = {Radiocarbon},
  year = {2002},
  volume = {44},
  pages = {739-754},
  owner = {peterbrewer},
  pdf = {http://dendro.cornell.edu/articles/manning2002c.pdf},
  timestamp = {2007.08.10}
}

@BOOK{Manning1994c,
  title = {Maroni Valley Archaeological Survey Project: preliminary report on
	1992-1993 seasons},
  publisher = {Report of the Department of Antiquities, Cyprus},
  year = {1994},
  author = {Manning, Sturt W and Bolger, D L and Ponting, M J and Steel, L and
	Swinton, A},
  pages = {345-367},
  owner = {peterbrewer},
  timestamp = {2007.08.10}
}

@INPROCEEDINGS{Manning2003,
  author = {Manning, Sturt W and Bronk Ramsey, C},
  title = {A Late Minoan I-II absolute chronology for the Aegean – combining
	archaeology with radiocarbon},
  booktitle = {The synchronisation of civilisations in the eastern Mediterranean
	in the second millennium BC (II). Proceedings of the SCIEM2000 EuroConference
	Haindorf, May 2001},
  year = {2003},
  pages = {111-133},
  address = {Wien},
  organization = {Österreichischen Akademie der Wissenschaften},
  owner = {peterbrewer},
  timestamp = {2007.08.10}
}

@ARTICLE{Manning2006,
  author = {Manning, Sturt W and Bronk Ramsey, C and Kutschera, W and Higham,
	T and Kromer, B and Steier, P and Wild, E M},
  title = {Chronology for the Aegean Late Bronze Age 1700-1400 B.C.},
  journal = {Science},
  year = {2006},
  volume = {312},
  pages = {565-569},
  owner = {peterbrewer},
  timestamp = {2007.08.09},
  url = {http://www.sciencemag.org/cgi/content/abstract/312/5773/565}
}

@BOOK{Manning1994d,
  title = {Tsaroukkas, Mycenaeans and Trade Project: preliminary report on the
	1993 season},
  publisher = {Report of the Department of Antiquities, Cyprus},
  year = {1994},
  author = {Manning, Sturt W and Collon, D and Conwell, D H and Jansen, H-G and
	Sewell, D and Steel, L and Swinton, A},
  pages = {83-106},
  owner = {peterbrewer},
  timestamp = {2007.08.10}
}

@BOOK{Manning1992c,
  title = {Maroni Valley Archaeological Survey Project: preliminary report on
	the 1990-1991 Field Seasons},
  publisher = {Report of the Department of Antiquities, Cyprus},
  year = {1992},
  author = {Manning, Sturt W and Conwell, D H},
  pages = {271-283},
  owner = {peterbrewer},
  timestamp = {2007.08.10}
}

@INBOOK{Manning2006b,
  chapter = {Further light on early LCI connections at Maroni},
  pages = {471-488},
  title = {Timelines. Studies in honour of Manfred Bietak vol. 2},
  publisher = {Peeters},
  year = {2006},
  editor = {Czerny, E and Hein, I and Hunger, D and Melman, D and Schwab, A},
  author = {Manning, Sturt W and Crewe, L and Sewell, D A},
  owner = {peterbrewer},
  timestamp = {2007.08.10}
}

@INPROCEEDINGS{Manning1997b,
  author = {Manning, Sturt W and De Mita, Jr, F A},
  title = {Cyprus, the Aegean, and Maroni Tsaroukkas},
  booktitle = {Cyprus and the Aegean in Antiquity: Proceedings of the International
	Conference Cyprus and the Aegean in Antiquity from the prehistoric
	period to the 7th century A.D., Nicosia 8-10 December 1995},
  year = {1997},
  pages = {103-141},
  address = {Nicosia},
  publisher = {Department of Antiquities, Cyprus},
  chapter = {Cyprus, the Aegean, and Maroni Tsaroukkas},
  owner = {peterbrewer},
  timestamp = {2007.08.10}
}

@ARTICLE{Manning1994b,
  author = {Manning, Sturt W and De Mita, Jr, F A and Monks, S J and Nakou, G},
  title = {The Fatal Shore, the Long Years, and the Geographical Unconscious.
	Considerations of Iconography, Chronology and Trade in Response to
	Negbi’s ‘The “Libyan Landscape” from Thera: A Review of Aegean Enterprises
	Overseas in the Late Minoan IA Period’ (JMA 7.1)},
  journal = {Journal of Mediterranean Archaeology},
  year = {1994},
  volume = {7},
  pages = {219-235},
  owner = {peterbrewer},
  timestamp = {2007.08.10}
}

@INBOOK{Manning2005b,
  chapter = {Maritime commerce and geographies of mobility in the Late Bronze
	Age of the eastern Mediterranean: problematizations},
  pages = {270-302},
  title = {The archaeology of Mediterranean prehistory},
  publisher = {Blackwell Publishing},
  year = {2005},
  editor = {Blake, E and Knapp, A B},
  author = {Manning, Sturt W and Hulin, L},
  address = {Malden, MA},
  owner = {peterbrewer},
  timestamp = {2007.08.10}
}

@ARTICLE{Manning2003a,
  author = {Manning, Sturt W and Kromer, B and Kuniholm, Peter Ian and Newton,
	Maryanne W},
  title = {Confirmation of near-absolute dating of east Mediterranean Bronze-Iron
	Dendrochronology},
  journal = {Antiquity},
  year = {2003},
  volume = {77},
  pages = {295},
  owner = {peterbrewer},
  timestamp = {2007.08.10},
  url = {http://antiquity.ac.uk/ProjGall/Manning/manning.html}
}

@ARTICLE{Manning2001,
  author = {Manning, Sturt W and Kromer, B and Kuniholm, Peter Ian and Newton,
	Maryanne W},
  title = {Anatolian Tree Rings and a New Chronology for the East Mediterranean
	Bronze-Iron Ages},
  journal = {Science},
  year = {2001},
  volume = {294},
  pages = {2532-2535},
  owner = {peterbrewer},
  pdf = {http://www.sciencemag.org/cgi/reprint/294/5551/2532.pdf},
  timestamp = {2007.08.09}
}

@INBOOK{Manning2005a,
  chapter = {Radiocarbon Calibration in the East Mediterranean Region},
  title = {The Bible and Radiocarbon Dating Archaeology, Text and Science},
  publisher = {Equinox},
  year = {2005},
  editor = {Levy, T E and Higham, T},
  author = {Manning, Sturt W and Kromer, B and Talamo, S and Friedrich, M and
	Kuniholm, Peter Ian, and Newton, Maryanne W},
  address = {London},
  owner = {peterbrewer},
  timestamp = {2007.08.10}
}

@INBOOK{Manning2007,
  chapter = {Absolute dating at Apliki Karamallos},
  pages = {325-335},
  title = {Joan du Plat Taylor’s excavations at the Late Bronze Age mining settlement
	at Apliki Karamallos, Cyprus Part 1},
  publisher = {Paul Åströms förlag},
  year = {2007},
  editor = {Kling, B and Muhly, J D},
  author = {Manning, Sturt W and Kuniholm, Peter Ian},
  address = {Sävedalen},
  owner = {peterbrewer},
  timestamp = {2007.08.10}
}

@BOOK{Manning2000,
  title = {Late Roman type 1a amphora production at the Late Roman site of Zygi-Petrini,
	Cyprus},
  publisher = {Report of the Department of Antiquities, Cyprus},
  year = {2000},
  author = {Manning, Sturt W and Monks, S J and Sewell, D A and Demesticha, S},
  pages = {233-257},
  owner = {peterbrewer},
  timestamp = {2007.08.10}
}

@ARTICLE{Manning1998a,
  author = {Manning, Sturt W and Monks, S J and Steel, L and Ribeiro, E C and
	Weinstein, J M},
  title = {Late Cypriot Tombs at Maroni Tsaroukkas, Cyprus},
  journal = {Annual of the British School at Athens},
  year = {1998},
  volume = {93},
  pages = {297-351},
  owner = {peterbrewer},
  timestamp = {2007.08.10}
}

@INBOOK{Manning1998e,
  chapter = {Towards a dated framework: radiocarbon chronology},
  pages = {12-21},
  title = {Lemba Archaeological Project. Volume II.1A: Excavations at Kissonerga-Mosphilia,
	1979-1992:},
  publisher = {Studies in Mediterranean Archaeology 70:2},
  year = {1998},
  author = {Manning, Sturt W and Peltenburg, E},
  owner = {peterbrewer},
  timestamp = {2007.08.10}
}

@ARTICLE{Manning2002,
  author = {Manning, Sturt W and Ramsey, C B and Doumas, C and Marketou, T and
	Cadogan, G and Pearson, Charlotte L},
  title = {New evidence for an early date for the Aegean Late Bronze Age and
	Thera eruption},
  journal = {Antiquity},
  year = {2002},
  volume = {76},
  pages = {733-744},
  owner = {peterbrewer},
  pdf = {http://antiquity.ac.uk/Ant/076/0733/Ant0760733.pdf},
  timestamp = {2007.08.09}
}

@INBOOK{Manning2002d,
  chapter = {Volcanoes and history: a significant relationship? The case of Santorini},
  pages = {264-291},
  title = {Natural disasters and cultural change},
  publisher = {Routledge},
  year = {2002},
  editor = {Torrence, R and Grattan, J},
  author = {Manning, Sturt W and Sewell, D A},
  address = {London},
  owner = {peterbrewer},
  timestamp = {2007.08.10}
}

@ARTICLE{Manning2002b,
  author = {Manning, Sturt W and Sewell, D A and Herscher, E},
  title = {Late Cypriot IA maritime trade in action: underwater survey at Maroni-Tsaroukkas
	and the contemporary east Mediterranean trading system},
  journal = {Annual of the British School at Athens},
  year = {2002},
  volume = {97},
  pages = {97-162},
  owner = {peterbrewer},
  timestamp = {2007.08.10}
}

@ARTICLE{Manning1994a,
  author = {Manning, Sturt W and Swiny, S},
  title = {Sotira Kaminoudhia and the chronology of the Early Bronze Age in
	Cyprus},
  journal = {Oxford Journal of Archaeology},
  year = {1994},
  volume = {13},
  pages = {149-172},
  owner = {peterbrewer},
  timestamp = {2007.08.10},
  url = {http://www.blackwell-synergy.com/doi/abs/10.1111/j.1468-0092.1994.tb00036.x}
}

@ARTICLE{Manning1992a,
  author = {Manning, Sturt W and Weninger, B},
  title = {A light in the dark: archaeological wiggle matching and the absolute
	chronology of the close of the Aegean Late Bronze Age},
  journal = {Antiquity},
  year = {1992},
  volume = {66},
  pages = {636-663},
  owner = {peterbrewer},
  timestamp = {2007.08.10}
}

@ARTICLE{Manning2001a,
  author = {Manning, Sturt W and Weninger, B and South, A K and Kling, B and
	Kuniholm, Peter Ian and Muhly, J D and Hadjisavvas, S and Sewell,
	D and Cadogan, G},
  title = {Absolute age range of the Late Cypriot IIC period on Cyprus},
  journal = {Antiquity},
  year = {2001},
  volume = {75},
  pages = {328-340},
  owner = {peterbrewer},
  pdf = {http://www.antiquity.ac.uk/Ant/075/0328/Ant0750328.pdf},
  timestamp = {2007.08.10}
}

@BOOK{McCartney2006,
  title = {Elaborating Early Neolithic Cyprus (EENC)},
  publisher = {Report of the Department of Antiquities, Cyprus},
  year = {2006},
  author = {McCartney, C and Manning, Sturt W and Sewell, D and Stewart, S T},
  pages = {39-62},
  owner = {peterbrewer},
  timestamp = {2007.08.10}
}

@INBOOK{Newton1999,
  chapter = {Wiggles Worth Watching--Making Radiocarbon Work: The Case of Çatal
	Höyük},
  pages = {527-537},
  title = {Meletemata: Studies in Aegean Archaeology Presented to Malcolm H.
	Wiener},
  publisher = {Université de Liège},
  year = {1999},
  editor = {Betancourt, P P and Karageorghis, V and Laffineur, R and Niemaeier,
	W-D},
  author = {Newton, Maryanne W and Kuniholm, Peter Ian},
  owner = {peterbrewer},
  timestamp = {2007.08.10}
}

@ARTICLE{Newton2004,
  author = {Newton, Maryanne W and Kuniholm, Peter Ian},
  title = {A Dendrochronological Framework for the Assyrian Colony Period in
	Asia Minor},
  journal = {Türkiye Bilimler Akademisi Arkeoloji Dergisi},
  year = {2004},
  volume = {7},
  pages = {165-176},
  owner = {peterbrewer},
  pdf = {http://dendro.cornell.edu/articles/newton2004.pdf},
  timestamp = {2007.08.09}
}

@INPROCEEDINGS{Newton2005,
  author = {Newton, Maryanne W and Wardle, K A and Kuniholm, Peter Ian},
  title = {Dendrochronology and Radiocarbon Determinations from Assiros and
	the Beginning of the Greek Iron Age},
  booktitle = {ΤΟ ΑΡΧΑΙΟΛΟΓΙΚΟ ΕΡΓΟ ΣΤΗ ΜΑΚΕΔΟΝΙΑ ΚΑΙ ΣΤΗ ΘΡΑΚΗ 17, 2003, a.k.a.,
	the AETΘ Conference, or Conference of Archaeological Research in
	Macedonia \& Thrace, held in Thessaloniki, 2003},
  year = {2005},
  pages = {173-190},
  address = {Thessaloniki},
  owner = {peterbrewer},
  pdf = {http://dendro.cornell.edu/articles/newton2005.pdf},
  timestamp = {2007.08.29}
}

@ARTICLE{Pahwa2006,
  author = {Pahwa, J S and Brewer, Peter W and Yesson, C and Sutton, T and Burgess,
	M and Xu, X and Jones, A C and White, R J and Gray, W A and Fiddian,
	N J and Bisby, F A and Culham, A and Caithness, N and Scoble, M and
	Williams, P and Bhagwat, S},
  title = {BiodiversityWorld: A problem-solving environment for analysing biodiversity
	patterns},
  journal = {IEEE Computer Society CCGrid 2006 Conference Proceedings},
  year = {2006},
  owner = {peterbrewer},
  timestamp = {2007.08.09}
}

@INBOOK{Park2002,
  chapter = {Tree-ring dating for Sinmu-mun, the North Gate of Kyongbok Palace
	in Seoul},
  pages = {615-621},
  title = {International Conference on East Asian Architectural History, October
	17-19, 2002},
  publisher = {Seoul: Korean Association of Architectural History},
  year = {2002},
  author = {Park, W-K and Lee, J-H and Kim, Y-J and Wazny, Tomasz},
  booktitle = {International Conference on East Asian Architectural History, October
	17-19, 2002, Seoul: Korean Association of Architectural History},
  owner = {peterbrewer},
  pdf = {http://dendro.cornell.edu/articles/park2002.pdf},
  timestamp = {2007.08.09}
}

@BOOK{Pearson2006,
  title = {Volcanic Eruptions, Tree Rings and Multielemental Chemistry: An Investigation
	of Dendrochemical Potential for the Absolute Dating of Past Volcanism},
  publisher = {BAR International Series 10191},
  year = {2006},
  author = {Pearson, Charlotte L},
  owner = {peterbrewer},
  timestamp = {2007.08.09}
}

@ARTICLE{Pearson2006b,
  author = {Pearson, Charlotte L},
  title = {Under the Microscope: New advances in soil and sediment micromorphology},
  journal = {The Archaeologist},
  year = {2006},
  volume = {59},
  pages = {16-17},
  owner = {peterbrewer},
  timestamp = {2007.08.09}
}

@ARTICLE{Pearson2006a,
  author = {Pearson, Charlotte L and Manning, Sturt W and Coleman, M L and Jarvis,
	K},
  title = {A Dendrochemical study of Pinus sylvestris from Siljansfors Experimental
	Forest, Central Sweden},
  journal = {Applied Geochemistry},
  year = {2006},
  volume = {21},
  pages = {1681-1691},
  owner = {peterbrewer},
  timestamp = {2007.08.09},
  url = {http://linkinghub.elsevier.com/retrieve/pii/S0883292706001715}
}

@ARTICLE{Pearson2005,
  author = {Pearson, Charlotte L and Manning, Sturt W and Coleman, M L and Jarvis,
	K},
  title = {Tree rings, volcanic eruptions and multi-elemental chemistry: The
	potential of dendrochemical techniques for the absolute dating of
	past volcanism},
  journal = {Geophysical Research Abstracts},
  year = {2005},
  volume = {7},
  pages = {00804},
  owner = {peterbrewer},
  pdf = {http://dendro.cornell.edu/articles/pearson2005.pdf},
  timestamp = {2007.08.09}
}

@ARTICLE{Pearson2005a,
  author = {Pearson, Charlotte L and Manning, Sturt W and Coleman, M L and Jarvis,
	K},
  title = {Could Tree-Ring Chemistry Reveal Absolute Dates for Past Volcanic
	Eruptions?},
  journal = {Journal of Archaeological Science},
  year = {2005},
  volume = {32},
  pages = {1265-1274},
  owner = {peterbrewer},
  pdf = {http://dendro.cornell.edu/articles/pearson2005a.pdf},
  timestamp = {2007.08.09}
}

@ARTICLE{Poklewski-Koziell2006,
  author = {Poklewski-Koziell, T and Wazny, Tomasz},
  title = {The Leczyca evidence of planting an industrial forest about the year
	1590},
  journal = {Fasciculi Archaeologica Historicae},
  year = {2006},
  volume = {18},
  pages = {29-34},
  owner = {peterbrewer},
  timestamp = {2007.08.09}
}

@ARTICLE{Reimer2001,
  author = {Reimer, P J},
  title = {A New Twist in the Radiocarbon Tale},
  journal = {Science},
  year = {2001},
  volume = {294},
  pages = {2494-2495},
  owner = {peterbrewer},
  pdf = {http://dendro.cornell.edu/articles/reimer2001.pdf},
  timestamp = {2007.08.29}
}

@ARTICLE{Reimer2004,
  author = {Reimer, Paula J and Baille, Mike G L and Bard, Edouard and Bayliss,
	Alex and Beck, J Warren and Bertrand, Chanda J H and Blackwell, Paul
	G and Buck, Caitlin E and Burr, George S and Cutler, Kirsten B and
	Damon, Paul E and Edwards, R Lawrence and Fairbank, Richard G and
	Friedrich, Michael and Guilderson, Thomas P and Hogg, Alan G and
	Hughen, Konrad A and Kromer, Bernd and McCormac, Gerry and Manning,
	Sturt W and Bronk Ramsey, Christopher and Reimer, Ron W. and Remmele,
	Sabine and Southon, John R and Stuiver, Minze and Talamo, Sahra and
	Taylor, F W and van der Plicht, Johannes and Weyhenmeyer, Constanze
	E},
  title = {IntCal04 terrestrial radiocarbon age calibration, 0-26 cal kyr BP},
  journal = {Radiocarbon},
  year = {2004},
  volume = {46},
  pages = {1029-1058},
  owner = {peterbrewer},
  timestamp = {2007.08.10}
}

@ARTICLE{Reimer2005,
  author = {Reimer, P J and Baillie, M G L and Bard, E and Beck, J W and Blackwell,
	P G and Buck, C E and Burr, G S and Edards, R L and Friedrich, M
	and Guilderson, T P and Hogg A G and Hughen, K A and Kromer, B and
	McCormac, G and Manning, Sturt W and Reimer, R W and Southon, J R
	ad Stuiver, M and van der Plicht, J and Weyhenmeyer, C E},
  title = {Comment on ‘‘Radiocarbon calibration curve spanning 0 to 50,000 years
	BP based on paired [sup]230[/sup]Th/[sup]234[/sup]U/[sup]238[/sup]U
	and [sup]14[/sup]C dates on pristine corals’’ by R.G. Fairbanks et
	al. (Quaternary Science Reviews 24 (2005) 1781–1796) and ‘‘Extending
	the radiocarbon calibration beyond 26,000 years before present using
	fossil corals’’ by T.-C. Chiu et al. (Quaternary Science Reviews
	24 (2005) 1797–1808)},
  journal = {Quaternary Science Reviews},
  year = {2005},
  volume = {25},
  pages = {855-862},
  owner = {peterbrewer},
  timestamp = {2007.08.10}
}

@INBOOK{Schmidt1999,
  chapter = {Site chronologies for historical dating in High Asia/Nepal},
  pages = {205-211},
  title = {Tree ring analysis: biological, methodological and environmental
	aspects},
  publisher = {CAB International},
  year = {1999},
  editor = {Wimmer, R and Vetter, R E},
  author = {Schmidt, B and Wazny, Tomasz and Malla, K and Hofs, E and Khalesi,
	M},
  owner = {peterbrewer},
  timestamp = {2007.08.09}
}

@ARTICLE{Turetsky2004,
  author = {Turetsky, M R and Manning, Sturt W and Wieder, R K},
  title = {Dating recent peat deposits},
  journal = {Wetlands},
  year = {2004},
  volume = {24},
  pages = {324-356},
  owner = {peterbrewer},
  timestamp = {2007.08.10},
  url = {http://www.bioone.org/perlserv/?request=get-abstract&doi=10.1672%2F0277-5212(2004)024%5B0324%3ADRPD%5D2.0.CO%3B2}
}

@INBOOK{Wazny2001,
  chapter = {Wood and climate of the year 1000 AD},
  pages = {101-107},
  title = {Europe around the year 1000},
  publisher = {Inst. of Archaeology and Ethnology, Polish Academy of Sciences and
	Wyd. DiG},
  year = {2001},
  editor = {Urbanczyk, P},
  author = {Wazny, Tomasz},
  address = {Warszawa},
  owner = {peterbrewer},
  timestamp = {2007.08.14}
}

@INBOOK{Wazny2005,
  chapter = {The origin, assortments and transport of Baltic timber},
  pages = {115-126},
  title = {Constructing Wooden Images: proceedings of a symposium on the organization
	of labour and working practices of late Gothic carved altarpieces
	in the Low Countries, Brussels 25-26 October 2002, Brussels},
  publisher = {VUB Press},
  year = {2005},
  editor = {van de Velde, C and van Acker, J and Beeckman, H and Verhaeghe, F},
  author = {Wazny, Tomasz},
  owner = {peterbrewer},
  timestamp = {2007.08.09}
}

@ARTICLE{Wazny2002,
  author = {Wazny, Tomasz},
  title = {Baltic timber in Western Europe – an exciting dendrochronological
	question},
  journal = {Dendrochronologia},
  year = {2002},
  volume = {20},
  pages = {313-320},
  number = {3},
  owner = {peterbrewer},
  timestamp = {2007.08.09},
  url = {http://www.ingentaconnect.com/content/urban/111/2003/00000020/00000003/art00024}
}

@ARTICLE{Wazny1994,
  author = {Wazny, Tomasz},
  title = {Dendrochronology of Biskupin - absolute dating of the early iron-age
	settlement},
  journal = {Bulletin of the Polish Academy of Sciences, Biological Sciences},
  year = {1994},
  volume = {42},
  pages = {283-289},
  owner = {peterbrewer},
  timestamp = {2007.08.14}
}

@ARTICLE{Wazny1993,
  author = {Wazny, Tomasz},
  title = {Dendrochronological dating of the Lusatian culture settlement at
	Biskupin - first results},
  journal = {News WARP},
  year = {1993},
  volume = {14},
  pages = {3-5},
  owner = {peterbrewer},
  timestamp = {2007.08.14}
}

@ARTICLE{Wazny1992,
  author = {Wazny, Tomasz},
  title = {Historical timber trade and its implications on dendrochronological
	dating. Proceedings International Symposium "Tree rings and environment,"
	3-9 Sept. 1990, Ystad, Sweden},
  journal = {Lundqua Report},
  year = {1992},
  volume = {34},
  pages = {331-333},
  booktitle = {Tree rings and environment},
  owner = {peterbrewer},
  timestamp = {2007.08.09}
}

@ARTICLE{Wazny1991,
  author = {Wazny, Tomasz and Eckstein, D},
  title = {The dendrochronological signal of oak ([i]Quercus[/i] spp.) in Poland.},
  journal = {Dendrochronologia},
  year = {1991},
  volume = {9},
  pages = {181-191},
  owner = {peterbrewer},
  timestamp = {2007.08.09}
}

@INPROCEEDINGS{White2003,
  author = {White, R and Bisby, F and Caithness, N and Sutton, T and Brewer,
	Peter W and Williams, P and Culham, A and Scoble, M and Jones, A
	and Gray, W and Fiddian, N and Pittas, N and Xu, X and Bromley, O
	and Valdez, P},
  title = {The BiodiversityWorld environment as an extensible virtual laboratory
	for analysing biodiversity patterns},
  booktitle = {Proceedings of the UK e-Science All Hands Meeting},
  year = {2003},
  editor = {Cox, S J},
  pages = {341-344},
  address = {Nottingham},
  publisher = {EPSRC},
  chapter = {The BiodiversityWorld environment as an extensible virtual laboratory
	for analysing biodiversity patterns},
  owner = {peterbrewer},
  timestamp = {2007.08.09}
}

@INPROCEEDINGS{White2004,
  author = {White, R J and Jones, A C and Pittas, N and Gray, W A and Xu, X and
	Sutton, T and Bromley, O and Caithness, N and Fiddian, N J and Culham,
	A, and Bisby, F A and Bhagwat, S and Brewer, P W and Yesson, C and
	Williams, P},
  title = {Building a Biodiversity Problem-Solving Environment},
  booktitle = {Proceedings UK e-Science All Hands Meeting},
  year = {2004},
  editor = {Cox, S. J.},
  pages = {776-783},
  owner = {peterbrewer},
  timestamp = {2007.08.09}
}

@ARTICLE{Yesson2007,
  author = {Yesson, C and Brewer, Peter W and Sutton, T and Caithness, N and
	Pahwa, JS and Burgess, M and Gray, WA and White, RJ and Jones, AC
	and Bisby, FA and Culham A},
  title = {How Global is the Global Biodiversity Information Facility?},
  journal = {PLoS ONE},
  year = {2007},
  volume = {2},
  pages = {e1124},
  doi = {10.1371/journal.pone.0001124},
  owner = {peterbrewer},
  pdf = {http://dendro.cornell.edu/articles/yesson2007.pdf},
  timestamp = {2007.11.07},
  url = {http://www.plosone.org/doi/pone.0001124}
}

@comment{jabref-meta: selector_journal:}

@comment{jabref-meta: selector_author:}

@comment{jabref-meta: selector_keywords:}

@comment{jabref-meta: selector_publisher:}

