This file was created with JabRef 2.2.
Encoding: MacRoman

@PROCEEDINGS{pearson2006bar,
  title = {Volcanic Eruptions, Tree Rings and Multielemental Chemistry: An Investigation
	of Dendrochemical Potential for the Absolute Dating of Past Volcanism},
  year = {2006},
  volume = {10191},
  series = {BAR International Series},
  author = {Pearson C.L.,},
  owner = {peterbrewer},
  timestamp = {2007.08.02}
}

@ARTICLE{pearson2006appgeo,
  author = {Pearson C.L., Manning S.W., Coleman, M.L., Jarvis, K.,},
  title = {A Dendrochemical study of Pinus sylvestris from Siljansfors Experimental
	Forest, Central Sweden.},
  journal = {Applied Geochemistry},
  year = {2006},
  volume = {21},
  pages = {1681-1691},
  number = {10},
  owner = {peterbrewer},
  timestamp = {2007.08.02}
}

@comment{jabref-meta: selector_journal:}

@comment{jabref-meta: selector_author:}

@comment{jabref-meta: selector_keywords:}

@comment{jabref-meta: selector_publisher:}

