This file was created with JabRef 2.2.
Encoding: MacRoman

@INBOOK{,
  chapter = {Name of Chapter},
  pages = {100-101},
  title = {The Title of the Book},
  publisher = {The Publisher},
  year = {2007},
  editor = {The Editor},
  author = {The Author},
  owner = {peterbrewer},
  timestamp = {2007.08.08}
}

@INPROCEEDINGS{,
  author = {The Author},
  title = {The Title of the in proceedings},
  booktitle = {The Book title},
  year = {2007},
  owner = {peterbrewer},
  timestamp = {2007.08.08}
}

@ARTICLE{,
  author = {Pearson, Charlotte and Brewer, Peter},
  title = {The Title of our article},
  journal = {The Holocene},
  year = {1999},
  volume = {1},
  pages = {50-51},
  owner = {peterbrewer},
  timestamp = {2007.08.08}
}

@BOOK{,
  title = {Book Title},
  publisher = {Publisher},
  year = {1999},
  author = {Pearson, C and Manning, S W},
  owner = {peterbrewer},
  timestamp = {2007.08.08}
}

@comment{jabref-meta: selector_journal:}

@comment{jabref-meta: selector_author:}

@comment{jabref-meta: selector_keywords:}

@comment{jabref-meta: selector_publisher:}

